
@misc{emulab,
  author = {Fed4FIRE},
  title = {{Get An Account and Certificate}},
  howpublished = "http://doc.fed4fire.eu/getanaccount.html}",
  note = "[Online; last accessed 05-February-20014]"
}