
@book{make,
  title={GNU make},
  author={Stallman, R.M. and McGrath, R.},
  volume={2002},
  year={1988},
  publisher={Free Software Foundation}
}

@book{gdb,
  title={Using GDB: A guide to the GNU source-level debugger},
  author={Stallman, R.M. and Pesch, R.H.},
  year={1991},
  publisher={Free software foundation}
}

@book{emacs,
  title={GNU Emacs manual},
  author={Stallman, R. and Universitet, A. and Afdeling, D.},
  year={1993},
  publisher={Free Software Foundation}
}


@book{latex,
  title={LaTEX: User's Guide \& Reference Manual},
  author={Lamport, L.},
  year={1986},
  publisher={Addison-Wesley}
}



@book{git,
  title={Pro Git},
  author={Chacon, S.},
  publisher={Apress},
  mont ={Julio, 29 ,},
  year={2009}
}

@article{Python,
  title={Python v3.4 Documentation},
  author={Python Software Foundation},
  journal={},
month={última consulta el 18 de Febrero de},
  year={2014},
  lastchecked={18 de Febrero del 2014}
}

@Misc{Ruby,
author= {Ruby Software Community},
title = {{Ruby Documentation}},
howpublished = {\url{https://www.ruby-lang.org/en/documentation/}},
month={última consulta el 16 de Febrero de},
year = {2014},
lastchecked = {14 de febrero del 2014}
}


@article{Nepi,
  title={NEPI v3.0},
  author={Quereilhac A. and Tribino J. and Guevgeozian L. and Kouvakas A. },
  year={2013},
}
@Misc{GN,
title = {GeoNetwork User Manual},
author={GeoNetwork},
howpublished={\url{http://geonetwork-opensource.org/manuals/2.10.3/eng/users/}},
month={última consulta el 16 de Febrero de},
year={2014},
lastchecked={14 de febrero de 2014}
}
@Misc{GND,
title= {GeoNetwork Developer Manual},
author={GeoNetwork},
howpublished={\url{http://docs.}},
month={última consulta el 16 de Febrero de},
year={2014},
lastchecked={14 de febrero de 2014}
}

@article{UML,
title= {OMG Unified Modeling Language, Infraestructure},
author={Object Management Group},
publisher={OMG},
year={Abril, 5 , 2010}
}

@Misc{GS,
title = {GeoServerUser Manual},
author={GeoServer},
howpublished={\url{http://docs.geoserver.org/stable/en/user/}},
month={última consulta el 16 de Febrero de},
year = {2014},
lastchecked = {14 de febrero del 2014}
}
@Misc{GSD,
title= {GeoServer Developer Manual},
author={GeoServer},
howpublished={\url{http://geonetwork-opensource.org/manuals/2.10.3/eng/developer}},
month={última consulta el 16 de Febrero de},
year = {2014},
lastchecked = {14 de febrero de 2014}
}




@Misc{GPLv3,
author= {Free Software Foundation},
title = {{Licencia GPL versión 3 de la Free Software Foundation}},
howpublished = {\url{http://www.fsf.org/licensing/licenses/gpl.html}},
month={última consulta el 13 de Enero de},
year = {2014},
lastchecked = {13 de enero de 2014}
}

@Misc{F4F,
author= {Fed4FIRE Consortium},
title = {{Fed4FIRE Documentation}},
howpublished = {\url{http://doc.fed4fire.eu/index.html}},
month={última consulta el 24 de Febrero de},
year = {2014},
lastchecked = {14 de febrero de 2014}
}

@Misc{PLE,
author= {PlanetLab Europe},
title = {{PlanetLab Documentation}},
howpublished = {\url{http://doc.planet-lab.eu/html/}},
month={última consulta el 24 de Febrero de},
year = {2014},
lastchecked = {24 de febrero de 2014}
}
@Misc{VW,
author= {iMinds Research Institute},
title = {{VirtualWall Documentation}},
howpublished = {\url{http://www.iminds.be/en/develop-test}},
month={última consulta el 24 de Febrero de},
year = {2014},
lastchecked = {24 de febrero de 2014}
}
@Misc{BF,
author= {BonFIRE Consortium and University of Southampton},
title = {{BonFIRE Documentation}},
howpublished = {\url{http://doc.bonfire-project.eu/R4.0.5/}},
month={última consulta el 24 de Febrero de},
year = {2014},
lastchecked = {14 de febrero de 2014}
}

@Misc{jFed,
author={iMinds Research Institute},
title={jFed : Java based framework to support SFA testbed federation client tools},
howpublished = {\url{http:http://jfed.iminds.be/}},
month={última consulta el 26 de Febrero de},
year={2014},
lastchecked={26 de febrero de 2014}
}
